<?xml version="1.0" encoding="UTF-8"?><collection xmlns="http://www.loc.gov/MARC21/slim"><record><leader>00561nam--2200181-u-4500</leader><controlfield tag="001">000054779</controlfield><controlfield tag="002">20161230</controlfield><controlfield tag="005">20161230201051</controlfield><controlfield tag="008">120611s1000------------r-----000-0-fre-d</controlfield><datafield ind1=" " ind2=" " tag="040"><subfield code="a">IFIN-HH</subfield></datafield><datafield ind1=" " ind2=" " tag="041"><subfield code="a">fre</subfield></datafield><datafield ind1=" " ind2=" " tag="080"><subfield code="a">539.126.4.18:539.172.6:015</subfield></datafield><datafield ind1="1" ind2=" " tag="100"><subfield code="a">Fulda, Frederique</subfield></datafield><datafield ind1="1" ind2="0" tag="245"><subfield code="a">Mise en evidence de la contribution du meson phi a la polarisation du vide par l'etude de la reaction e+e- -miu+miu-</subfield><subfield code="b">These</subfield><subfield code="c">Frederique fulda</subfield></datafield><datafield ind1=" " ind2=" " tag="260"><subfield code="a">Paris-sud</subfield><subfield code="b">Universite</subfield><subfield code="c">1973</subfield></datafield><datafield ind1=" " ind2=" " tag="300"><subfield code="a">182P</subfield></datafield><datafield ind1=" " ind2=" " tag="852"><subfield code="a">39161</subfield><subfield code="c">539.17</subfield></datafield><datafield ind1=" " ind2=" " tag="CAT"><subfield code="a">Sys</subfield><subfield code="c">20120611</subfield><subfield code="h">113916</subfield></datafield></record></collection>